@article{tf-nmt,
  author  = {Minh{-}Thang Luong and Eugene Brevdo and Rui Zhao},
  title   = {Neural Machine Translation (seq2seq) Tutorial},
  url     = {https://github.com/tensorflow/nmt},
  year    = {2017},
}

@article{sockeye,
  author   = {Hieber, Felix and Domhan, Tobias and Denkowski, Michael and 
              Vilar, David and Sokolov, Artem and Clifton, Ann and Post, Matt},
  title    = {Sockeye: A Toolkit for Neural Machine Translation},
  journal  = {arXiv preprint arXiv:1712.05690},
  archivePrefix = "arXiv",
  eprint   = {1712.05690},
  primaryClass = "cs.CL",
  keywords = {Computer Science - Computation and Language,
              Computer Science - Learning,
              Statistics - Machine Learning},
  year     = 2017,
  month    = dec,
  url      = {https://arxiv.org/abs/1712.05690}
}